@book{lakshmanan2019google,
  title={Google BigQuery: The Definitive Guide: Data Warehousing, Analytics, and Machine Learning at Scale},
  author={Lakshmanan, Valliappa and Tigani, Jordan},
  year={2019},
  publisher={O'Reilly Media}
}
@book{ohri2014r:2,
  title={R for cloud computing: An approach for data scientists},
  author={Ohri, Ajay},
  year={2014},
  publisher={Springer}
}
@misc{QbigQuery,
  title = {Quickstarts  |  BigQuery  |  Google Cloud},
  howpublished = {\url{https://cloud.google.com/bigquery/docs/quickstarts}},
  publisher={Google},
  note = {Accessed: 2022-05-20}
}
@misc{Looker,
  title = {Looker Studio for Beginners Online Class: LinkedIn Learning},
  howpublished = {\url{https://www.linkedin.com/learning/google-data-studio-for-beginners-2022}},
  date = 2022-06-14,
  publisher={LinkedIn},
  note = {Accessed: 2022-08-15}
}
@misc{Essgit,
  title = {Git Essential Training: The Basics Online Class: LinkedIn Learning},
  howpublished = {\url{https://www.linkedin.com/learning/git-essential-training-the-basics}},
  date = 2019-05-22,
  publisher={LinkedIn},
  note = {Accessed: 2022-12-14}
}
@article{wickham2016package,
  title={Package ‘ggplot2’},
  author={Wickham, Hadley and Chang, Winston and Wickham, Maintainer Hadley},
  journal={Create elegant data visualisations using the grammar of graphics. Version},
  volume={2},
  number={1},
  pages={1--189},
  year={2016}
}
@Manual{bigrquery,
    title = {bigrquery: An Interface to Google's 'BigQuery' 'API'},
    author = {Hadley Wickham and Jennifer Bryan},
    year = {2021},
    note = {R package version 1.4.0},
    url = {https://CRAN.R-project.org/package=bigrquery},
  }
 @Manual{dbi,
    title = {DBI: R Database Interface},
    author = {{R Special Interest Group on Databases (R-SIG-DB)} and Hadley Wickham and Kirill Müller},
    year = {2022},
    note = {R package version 1.1.3},
    url = {https://CRAN.R-project.org/package=DBI},
  }
   @Article{vim,
    title = {Imputation with the {R} Package {VIM}},
    author = {Alexander Kowarik and Matthias Templ},
    journal = {Journal of Statistical Software},
    year = {2016},
    volume = {74},
    number = {7},
    pages = {1--16},
    doi = {10.18637/jss.v074.i07},
  }
     @Manual{sqldf,
    title = {sqldf: Manipulate R Data Frames Using SQL},
    author = {G. Grothendieck},
    year = {2017},
    note = {R package version 0.4-11},
    url = {https://CRAN.R-project.org/package=sqldf},
  }
  @article{cooksey2014introduction,
  title={An introduction to APIs},
  author={Cooksey, Brian},
  journal={Zapier, Inc. Cvetojevic, S., Juhasz, L., \& Hochmair, H.(2016). Positional Accuracy of Twitter and Instagram Images in Urban Environment. https://doi. org/10.1553/giscience2016\_01\_s191},
  year={2014}
}
