@book{lakshmanan2019google,
  title={Google BigQuery: The Definitive Guide: Data Warehousing, Analytics, and Machine Learning at Scale},
  author={Lakshmanan, Valliappa and Tigani, Jordan},
  year={2019},
  publisher={O'Reilly Media}
}

@book{ohri2014r,
  title={R for cloud computing: An approach for data scientists},
  author={Ohri, Ajay},
  year={2014},
  publisher={Springer}
}

@misc{QbigQuery,
  title = {Quickstarts  |  BigQuery  |  Google Cloud},
  howpublished = {\url{https://cloud.google.com/bigquery/docs/quickstarts}},
  publisher={Google},
  note = {Accessed: 2022-05-20}
}

@misc{Looker,
  title = {Looker Studio for Beginners Online Class: LinkedIn Learning},
  howpublished = {\url{https://www.linkedin.com/learning/google-data-studio-for-beginners-2022}},
  date = 2022-06-14,
  publisher={LinkedIn},
  note = {Accessed: 2022-08-15}
}

@misc{Essgit,
  title = {Git Essential Training: The Basics Online Class: LinkedIn Learning},
  howpublished = {\url{https://www.linkedin.com/learning/git-essential-training-the-basics}},
  date = 2019-05-22,
  publisher={LinkedIn},
  note = {Accessed: 2022-12-14}
}

@article{wickham2016package,
  title={Package ‘ggplot2’},
  author={Wickham, Hadley and Chang, Winston and Wickham, Maintainer Hadley},
  journal={Create elegant data visualisations using the grammar of graphics. Version},
  volume={2},
  number={1},
  pages={1--189},
  year={2016}
}
